<record><leader>00000cas a22000007a 4500</leader><controlfield tag="001">15370222</controlfield><controlfield tag="008">870326d19421945wyuwr ne      0   d0jpn d</controlfield><datafield ind1=" " ind2=" " tag="010"><subfield code="a">sn 93070119 </subfield><subfield code="z">sn 92068216 </subfield></datafield><datafield ind1=" " ind2=" " tag="040"><subfield code="a">IEC</subfield><subfield code="b">eng</subfield><subfield code="c">IEC</subfield><subfield code="d">NVO</subfield><subfield code="d">OCLCQ</subfield><subfield code="d">DLC</subfield><subfield code="d">OCLCF</subfield><subfield code="d">OCLCO</subfield></datafield><datafield ind1=" " ind2=" " tag="019"><subfield code="a">25651861</subfield></datafield><datafield ind1="1" ind2=" " tag="029"><subfield code="a">AU@</subfield><subfield code="b">000015725268</subfield></datafield><datafield ind1=" " ind2=" " tag="042"><subfield code="a">msc</subfield></datafield><datafield ind1=" " ind2=" " tag="043"><subfield code="a">n-us-wy</subfield></datafield><datafield ind1=" " ind2="4" tag="050"><subfield code="a">D769.8.A6</subfield><subfield code="b">H41</subfield></datafield><datafield ind1="0" ind2="0" tag="245"><subfield code="a">Ha&#772;to Maunten senchineru :</subfield><subfield code="b">Japanese edition of Heart Mountain sentinel.</subfield></datafield><datafield ind1="1" ind2="3" tag="246"><subfield code="a">Heart Mountain sentinel</subfield></datafield><datafield ind1=" " ind2=" " tag="260"><subfield code="a">Heart Mountain, Wyo. :</subfield><subfield code="b">[Community Enterprises]</subfield></datafield><datafield ind1=" " ind2=" " tag="300"><subfield code="a">v.</subfield></datafield><datafield ind1=" " ind2=" " tag="310"><subfield code="a">Weekly</subfield></datafield><datafield ind1="0" ind2=" " tag="362"><subfield code="a">Vol. 1, no. 1 (Oct. 24, 1942)-v. 4, no. 31 (July 28, 1945).</subfield></datafield><datafield ind1=" " ind2=" " tag="500"><subfield code="a">Published for the Heart Mountain Relocation Center established by the War Relocation Authority for Civilians of Japanese ancestry.</subfield></datafield><datafield ind1=" " ind2=" " tag="580"><subfield code="a">Has supplement listing rules, regulations and procedures of the Relocation Center: Heart Mountain sentinel bulletin.</subfield></datafield><datafield ind1=" " ind2=" " tag="580"><subfield code="a">English ed.: Heart Mountain sentinel</subfield></datafield><datafield ind1="2" ind2="0" tag="610"><subfield code="a">Heart Mountain Relocation Center (Wyo.)</subfield><subfield code="v">Newspapers.</subfield></datafield><datafield ind1=" " ind2="0" tag="650"><subfield code="a">Japanese Americans</subfield><subfield code="z">Wyoming</subfield><subfield code="x">Evacuation and relocation, 1942-1945</subfield><subfield code="v">Newspapers.</subfield></datafield><datafield ind1=" " ind2="7" tag="655"><subfield code="a">Newspapers.</subfield><subfield code="2">fast</subfield><subfield code="0">(OCoLC)fst01423814</subfield></datafield><datafield ind1="2" ind2="7" tag="610"><subfield code="a">Heart Mountain Relocation Center (Wyo.)</subfield><subfield code="2">fast</subfield><subfield code="0">(OCoLC)fst00610050</subfield></datafield><datafield ind1="2" ind2="7" tag="611"><subfield code="a">Evacuation and relocation of Japanese Americans (United States : 1942-1945)</subfield><subfield code="2">fast</subfield><subfield code="0">(OCoLC)fst01801850</subfield></datafield><datafield ind1=" " ind2="7" tag="648"><subfield code="a">1942 - 1945</subfield><subfield code="2">fast</subfield></datafield><datafield ind1=" " ind2="7" tag="650"><subfield code="a">Japanese Americans.</subfield><subfield code="2">fast</subfield><subfield code="0">(OCoLC)fst00981441</subfield></datafield><datafield ind1=" " ind2="7" tag="651"><subfield code="a">Wyoming.</subfield><subfield code="2">fast</subfield><subfield code="0">(OCoLC)fst01204583</subfield></datafield><datafield ind1="2" ind2=" " tag="710"><subfield code="a">Heart Mountain Relocation Center (Wyo.)</subfield></datafield><datafield ind1=" " ind2=" " tag="752"><subfield code="a">United States</subfield><subfield code="b">Wyoming</subfield><subfield code="c">Park</subfield><subfield code="d">Heart Mountain.</subfield></datafield><datafield ind1=" " ind2=" " tag="752"><subfield code="a">United States</subfield><subfield code="b">Wyoming</subfield><subfield code="c">Park</subfield><subfield code="d">Cody.</subfield></datafield><datafield ind1="1" ind2=" " tag="770"><subfield code="t">Heart Mountain sentinel bulletin</subfield></datafield><datafield ind1="1" ind2=" " tag="775"><subfield code="t">Heart Mountain sentinel</subfield><subfield code="w">(DLC)sn 84024756</subfield></datafield></record>